<record xmlns="http://www.loc.gov/MARC21/slim" xmlns:xsi="http://www.w3.org/2001/XMLSchema-instance" xsi:schemaLocation="http://www.loc.gov/MARC21/slim http://www.loc.gov/standards/marcxml/schema/MARC21slim.xsd">

  <leader>01101nam a2200241Ia 4500</leader>
  <datafield tag="999" ind1=" " ind2=" ">
    <subfield code="c">1617</subfield>
    <subfield code="d">1617</subfield>
  </datafield>
  <controlfield tag="008">180307b2004    cr ||||| |||| 00| | spa d</controlfield>
  <datafield ind1=" " tag="090" ind2=" ">
    <subfield code="a">06.02.03 </subfield>
    <subfield code="b">535</subfield>
  </datafield>
  <datafield tag="100" ind1="1" ind2=" ">
    <subfield code="a">Chaves Salas, Lupita</subfield>
  </datafield>
  <datafield tag="245" ind1="1" ind2="0">
    <subfield code="a">Foro "Calidad de la Educación:  un reto para la sociedad costarricense" / </subfield>
    <subfield code="c">Lupita Chaves Salas, Julieta Castro Bonilla, Jacqueline García Fallas</subfield>
  </datafield>
  <datafield ind2=" " tag="260" ind1=" ">
    <subfield code="a">San José, Costa Rica : </subfield>
    <subfield code="b">IIMEC, </subfield>
    <subfield code="c">2004</subfield>
  </datafield>
  <datafield ind2=" " ind1=" " tag="300">
    <subfield code="a">150 páginas</subfield>
  </datafield>
  <datafield ind1=" " tag="500" ind2=" ">
    <subfield code="a">Proyecto de Extensión Docente N° 1158</subfield>
  </datafield>
  <datafield ind1=" " tag="520" ind2=" ">
    <subfield code="a">Este proyecto de extensión docente pretendió, como objetivo principal, analizar la calidad de la educación desde las diferentes perspectivas de grupos sociales:  autoridades del Ministerio de Educación Pública, Instituciones públicas y privadas de form</subfield>
  </datafield>
  <datafield tag="650" ind1="1" ind2="4">
    <subfield code="a">CALIDAD DE LA EDUCACIÓN</subfield>
    <subfield code="9">11</subfield>
  </datafield>
  <datafield ind1="1" tag="650" ind2="4">
    <subfield code="a">CONFERENCIA</subfield>
    <subfield code="9">506</subfield>
  </datafield>
  <datafield tag="650" ind1="1" ind2="4">
    <subfield code="a">DOCENTES</subfield>
    <subfield code="9">331</subfield>
  </datafield>
  <datafield ind1="1" tag="650" ind2="4">
    <subfield code="a">PARTICIPACIÓN POLÍTICA </subfield>
    <subfield code="9">1446</subfield>
  </datafield>
  <datafield ind2="4" tag="650" ind1="1">
    <subfield code="a">PARTICIPACIÓN SOCIAL</subfield>
    <subfield code="9">822</subfield>
  </datafield>
  <datafield ind2="4" tag="650" ind1="1">
    <subfield code="a">PARTICIPACIÓN ESTUDIANTIL</subfield>
    <subfield code="9">1518</subfield>
  </datafield>
  <datafield ind2=" " ind1="1" tag="700">
    <subfield code="9">1082</subfield>
    <subfield code="a">Castro Bonilla, Julieta</subfield>
  </datafield>
  <datafield ind2=" " tag="700" ind1="1">
    <subfield code="9">759</subfield>
    <subfield code="a">García Fallas, Jacqueline</subfield>
  </datafield>
  <datafield ind2=" " ind1=" " tag="942">
    <subfield code="2">z</subfield>
    <subfield code="c">04</subfield>
  </datafield>
</record>